<?xml version="1.0" encoding="UTF-8"?><record xmlns="http://www.loc.gov/MARC21/slim" xmlns:cinclude="http://apache.org/cocoon/include/1.0" xmlns:zs="http://www.loc.gov/zing/srw/">
  <leader>00465cz  a2200145n  4500</leader>
  <controlfield tag="001">n  97045349 </controlfield>
  <controlfield tag="003">DLC</controlfield>
  <controlfield tag="005">20001116070752.0</controlfield>
  <controlfield tag="008">970430n| acannaabn          |a aaa      </controlfield>
  <datafield tag="010" ind1=" " ind2=" ">
    <subfield code="a">n  97045349 </subfield>
  </datafield>
  <datafield tag="035" ind1=" " ind2=" ">
    <subfield code="a">(OCoLC)oca04330612</subfield>
  </datafield>
  <datafield tag="040" ind1=" " ind2=" ">
    <subfield code="a">DLC</subfield>
    <subfield code="b">eng</subfield>
    <subfield code="c">DLC</subfield>
    <subfield code="d">OCoLC</subfield>
  </datafield>
  <datafield tag="100" ind1="1" ind2=" ">
    <subfield code="a">Hinz-Wessels, Annette</subfield>
  </datafield>
  <datafield tag="400" ind1="1" ind2=" ">
    <subfield code="a">Wessels, Annette Hinz-</subfield>
  </datafield>
  <datafield tag="670" ind1=" " ind2=" ">
    <subfield code="a">Die evangelische Kirchengemeinde Bonn in der Zeit des Nationalsozialismus (1933-1945), 1996:</subfield>
    <subfield code="b">t.p. (Annette Hinz-Wessels)</subfield>
  </datafield>
</record>